<record><leader>00000cas a2200000 a 4500</leader><controlfield tag="001">32247733</controlfield><controlfield tag="008">950403d19461948nyuwr ne      0    0eng c</controlfield><datafield ind1=" " ind2=" " tag="010"><subfield code="a">sn 95071194 </subfield></datafield><datafield ind1=" " ind2=" " tag="040"><subfield code="a">NYS</subfield><subfield code="b">eng</subfield><subfield code="c">NYS</subfield><subfield code="d">OCLCQ</subfield><subfield code="d">OCLCF</subfield><subfield code="d">OCLCO</subfield></datafield><datafield ind1="1" ind2=" " tag="029"><subfield code="a">AU@</subfield><subfield code="b">000011783141</subfield></datafield><datafield ind1=" " ind2=" " tag="042"><subfield code="a">pcc</subfield></datafield><datafield ind1=" " ind2=" " tag="043"><subfield code="a">n-us-ny</subfield></datafield><datafield ind1="0" ind2="4" tag="245"><subfield code="a">The Meroke.</subfield></datafield><datafield ind1=" " ind2=" " tag="260"><subfield code="a">Merrick, N.Y. :</subfield><subfield code="b">Merrick Chamber of Commerce,</subfield><subfield code="c">1946-1948.</subfield></datafield><datafield ind1=" " ind2=" " tag="300"><subfield code="a">3 v.</subfield></datafield><datafield ind1=" " ind2=" " tag="310"><subfield code="a">Weekly,</subfield><subfield code="b">May 6, 1948-Nov. 11, 1948</subfield></datafield><datafield ind1=" " ind2=" " tag="321"><subfield code="a">Monthly,</subfield><subfield code="b">Mar. 1946-Apr. 1948</subfield></datafield><datafield ind1="0" ind2=" " tag="362"><subfield code="a">Vol. 1, no. 1 (Mar. 1946)-v. 3, no. 27 (Nov. 11, 1948).</subfield></datafield><datafield ind1=" " ind2=" " tag="500"><subfield code="a">Editor: Karl V. Anton Jr.</subfield></datafield><datafield ind1=" " ind2="0" tag="651"><subfield code="a">Merrick (N.Y.)</subfield><subfield code="v">Newspapers.</subfield></datafield><datafield ind1=" " ind2="0" tag="651"><subfield code="a">Nassau County (N.Y.)</subfield><subfield code="v">Newspapers.</subfield></datafield><datafield ind1=" " ind2="7" tag="655"><subfield code="a">Newspapers.</subfield><subfield code="2">fast</subfield><subfield code="0">(OCoLC)fst01423814</subfield></datafield><datafield ind1=" " ind2="7" tag="651"><subfield code="a">New York (State)</subfield><subfield code="z">Merrick.</subfield><subfield code="2">fast</subfield><subfield code="0">(OCoLC)fst01260090</subfield></datafield><datafield ind1=" " ind2="7" tag="651"><subfield code="a">New York (State)</subfield><subfield code="z">Nassau County.</subfield><subfield code="2">fast</subfield><subfield code="0">(OCoLC)fst01205518</subfield></datafield><datafield ind1=" " ind2=" " tag="752"><subfield code="a">United States</subfield><subfield code="b">New York</subfield><subfield code="c">Nassau</subfield><subfield code="d">Merrick.</subfield></datafield><datafield ind1="0" ind2="0" tag="780"><subfield code="t">Merrick life (Merrick, N.Y. : 1938)</subfield><subfield code="w">(DLC)sn 95071193</subfield><subfield code="w">(OCoLC)32247682</subfield></datafield><datafield ind1="0" ind2="0" tag="785"><subfield code="t">Merrick life (Merrick, N.Y. : 1948)</subfield><subfield code="w">(DLC)sn 95071195</subfield><subfield code="w">(OCoLC)11129314</subfield></datafield></record>